<record><leader>00000cas a2200000 a 4500</leader><controlfield tag="001">70664545</controlfield><controlfield tag="008">060721cuuuu9999gs zr ne      0    0eng  </controlfield><datafield ind1=" " ind2=" " tag="010"><subfield code="a">  2006206340</subfield></datafield><datafield ind1=" " ind2=" " tag="040"><subfield code="a">DLC</subfield><subfield code="b">eng</subfield><subfield code="c">DLC</subfield><subfield code="d">DLC</subfield><subfield code="d">CLU</subfield><subfield code="d">DLC</subfield><subfield code="d">OCLCO</subfield><subfield code="d">OCLCQ</subfield><subfield code="d">OCLCF</subfield><subfield code="d">OCLCO</subfield><subfield code="d">OCL</subfield><subfield code="d">OCLCO</subfield><subfield code="d">DLC</subfield></datafield><datafield ind1=" " ind2=" " tag="042"><subfield code="a">pcc</subfield></datafield><datafield ind1=" " ind2=" " tag="043"><subfield code="a">a-gs---</subfield></datafield><datafield ind1="0" ind2=" " tag="130"><subfield code="a">Messenger (T&#699;bilisi, Georgia)</subfield></datafield><datafield ind1="1" ind2="0" tag="245"><subfield code="a">Messenger =</subfield><subfield code="b">Mesenjeri.</subfield></datafield><datafield ind1="3" ind2="1" tag="246"><subfield code="a">Mesenjeri</subfield></datafield><datafield ind1=" " ind2=" " tag="260"><subfield code="a">Tbilisi. :</subfield><subfield code="b">Media Express</subfield></datafield><datafield ind1=" " ind2=" " tag="300"><subfield code="a">v. :</subfield><subfield code="b">ill. (some col.) ;</subfield><subfield code="c">42 cm.</subfield></datafield><datafield ind1=" " ind2=" " tag="310"><subfield code="a">Five no. a week</subfield></datafield><datafield ind1=" " ind2=" " tag="500"><subfield code="a">"Georgia's English language daily."</subfield></datafield><datafield ind1=" " ind2=" " tag="530"><subfield code="a">Also issued online.</subfield></datafield><datafield ind1=" " ind2=" " tag="588"><subfield code="a">Description based on: 2005, no. 93 (May 24, 2005) = 867; title from caption.</subfield></datafield><datafield ind1=" " ind2="0" tag="651"><subfield code="a">Georgia (Republic)</subfield><subfield code="v">Newspapers.</subfield></datafield><datafield ind1=" " ind2="0" tag="651"><subfield code="a">Georgia (Republic)</subfield><subfield code="x">Politics and government</subfield><subfield code="v">Newspapers.</subfield></datafield><datafield ind1=" " ind2="0" tag="651"><subfield code="a">Georgia (Republic)</subfield><subfield code="x">Foreign relations</subfield><subfield code="v">Newspapers.</subfield></datafield><datafield ind1=" " ind2="7" tag="650"><subfield code="a">Diplomatic relations.</subfield><subfield code="2">fast</subfield><subfield code="0">(OCoLC)fst01907412</subfield></datafield><datafield ind1=" " ind2="7" tag="650"><subfield code="a">Politics and government</subfield><subfield code="2">fast</subfield><subfield code="0">(OCoLC)fst01919741</subfield></datafield><datafield ind1=" " ind2="7" tag="651"><subfield code="a">Georgia (Republic)</subfield><subfield code="2">fast</subfield><subfield code="0">(OCoLC)fst01221658</subfield></datafield><datafield ind1=" " ind2="7" tag="655"><subfield code="a">Newspapers.</subfield><subfield code="2">fast</subfield><subfield code="0">(OCoLC)fst01423814</subfield></datafield><datafield ind1="0" ind2=" " tag="770"><subfield code="t">Tbilisi pastimes</subfield><subfield code="w">(DLC)  2006206341</subfield><subfield code="w">(OCoLC)70666121</subfield></datafield><datafield ind1=" " ind2=" " tag="850"><subfield code="a">DLC</subfield></datafield><datafield ind1="4" ind2="1" tag="856"><subfield code="u">http://dlib.eastview.com/sources/publication.jsp?id=4800</subfield></datafield><datafield ind1="1" ind2=" " tag="029"><subfield code="a">AU@</subfield><subfield code="b">000040517450</subfield></datafield></record>